@misc{pescia_2023,
      title={Message-Passing Neural Quantum States for the Homogeneous Electron Gas}, 
      author={Gabriel Pescia and Jannes Nys and Jane Kim and Alessandro Lovato and Giuseppe Carleo},
      year={2023},
      eprint={2305.07240},
      archivePrefix={arXiv},
      primaryClass={quant-ph}
}


@misc{gilmer2017neural,
      title={Neural Message Passing for Quantum Chemistry}, 
      author={Justin Gilmer and Samuel S. Schoenholz and Patrick F. Riley and Oriol Vinyals and George E. Dahl},
      year={2017},
      eprint={1704.01212},
      archivePrefix={arXiv},
      primaryClass={cs.LG}
}

@article{pescia_2022,
  title = {Neural-network quantum states for periodic systems in continuous space},
  author = {Pescia, Gabriel and Han, Jiequn and Lovato, Alessandro and Lu, Jianfeng and Carleo, Giuseppe},
  journal = {Phys. Rev. Res.},
  volume = {4},
  issue = {2},
  pages = {023138},
  numpages = {8},
  year = {2022},
  month = {May},
  publisher = {American Physical Society},
  doi = {10.1103/PhysRevResearch.4.023138},
  url = {https://link.aps.org/doi/10.1103/PhysRevResearch.4.023138}
}

@article{hibat-allah_2020,
  title = {Recurrent neural network wave functions},
  author = {Hibat-Allah, Mohamed and Ganahl, Martin and Hayward, Lauren E. and Melko, Roger G. and Carrasquilla, Juan},
  journal = {Phys. Rev. Res.},
  volume = {2},
  issue = {2},
  pages = {023358},
  numpages = {17},
  year = {2020},
  month = {Jun},
  publisher = {American Physical Society},
  doi = {10.1103/PhysRevResearch.2.023358},
  url = {https://link.aps.org/doi/10.1103/PhysRevResearch.2.023358}
}

@article{carleo_2017,
author = {Giuseppe Carleo  and Matthias Troyer},
title = {Solving the quantum many-body problem with artificial neural networks},
journal = {Science},
volume = {355},
number = {6325},
pages = {602-606},
year = {2017},
doi = {10.1126/science.aag2302},
URL = {https://www.science.org/doi/abs/10.1126/science.aag2302},
eprint = {https://www.science.org/doi/pdf/10.1126/science.aag2302},
}

@article{choo_2018,
  title = {Symmetries and Many-Body Excitations with Neural-Network Quantum States},
  author = {Choo, Kenny and Carleo, Giuseppe and Regnault, Nicolas and Neupert, Titus},
  journal = {Phys. Rev. Lett.},
  volume = {121},
  issue = {16},
  pages = {167204},
  numpages = {6},
  year = {2018},
  month = {Oct},
  publisher = {American Physical Society},
  doi = {10.1103/PhysRevLett.121.167204},
  url = {https://link.aps.org/doi/10.1103/PhysRevLett.121.167204}
}

@article{pfau_2020,
  title = {Ab initio solution of the many-electron Schr\"odinger equation with deep neural networks},
  author = {Pfau, David and Spencer, James S. and Matthews, Alexander G. D. G. and Foulkes, W. M. C.},
  journal = {Phys. Rev. Res.},
  volume = {2},
  issue = {3},
  pages = {033429},
  numpages = {20},
  year = {2020},
  month = {Sep},
  publisher = {American Physical Society},
  doi = {10.1103/PhysRevResearch.2.033429},
  url = {https://link.aps.org/doi/10.1103/PhysRevResearch.2.033429}
}