@misc{xu2019understanding,
      title={Understanding and Improving Layer Normalization}, 
      author={Jingjing Xu and Xu Sun and Zhiyuan Zhang and Guangxiang Zhao and Junyang Lin},
      year={2019},
      eprint={1911.07013},
      archivePrefix={arXiv},
      primaryClass={cs.LG}
}

@article{kroiss_2016,
  title = {Ground-state phase diagram of Gaussian-core bosons in two dimensions},
  author = {Kroiss, Peter and Boninsegni, Massimo and Pollet, Lode},
  journal = {Phys. Rev. B},
  volume = {93},
  issue = {17},
  pages = {174520},
  numpages = {5},
  year = {2016},
  month = {May},
  publisher = {American Physical Society},
  doi = {10.1103/PhysRevB.93.174520},
  url = {https://link.aps.org/doi/10.1103/PhysRevB.93.174520}
}

@article{pescia_2022,
  title = {Neural-network quantum states for periodic systems in continuous space},
  author = {Pescia, Gabriel and Han, Jiequn and Lovato, Alessandro and Lu, Jianfeng and Carleo, Giuseppe},
  journal = {Phys. Rev. Res.},
  volume = {4},
  issue = {2},
  pages = {023138},
  numpages = {8},
  year = {2022},
  month = {May},
  publisher = {American Physical Society},
  doi = {10.1103/PhysRevResearch.4.023138},
  url = {https://link.aps.org/doi/10.1103/PhysRevResearch.4.023138}
}

@article{dornheim_2016,
  title = {Ab Initio Quantum Monte Carlo Simulation of the Warm Dense Electron Gas in the Thermodynamic Limit},
  author = {Dornheim, Tobias and Groth, Simon and Sjostrom, Travis and Malone, Fionn D. and Foulkes, W. M. C. and Bonitz, Michael},
  journal = {Phys. Rev. Lett.},
  volume = {117},
  issue = {15},
  pages = {156403},
  numpages = {6},
  year = {2016},
  month = {Oct},
  publisher = {American Physical Society},
  doi = {10.1103/PhysRevLett.117.156403},
  url = {https://link.aps.org/doi/10.1103/PhysRevLett.117.156403}
}

@misc{pescia_2023,
      title={Message-Passing Neural Quantum States for the Homogeneous Electron Gas}, 
      author={Gabriel Pescia and Jannes Nys and Jane Kim and Alessandro Lovato and Giuseppe Carleo},
      year={2023},
      eprint={2305.07240},
      archivePrefix={arXiv},
      primaryClass={quant-ph}
}

@article{schiff_1967,
  title = {Ground State of Liquid Helium-4 and Helium-3},
  author = {Schiff, Daniel and Verlet, Loup},
  journal = {Phys. Rev.},
  volume = {160},
  issue = {1},
  pages = {208--218},
  numpages = {0},
  year = {1967},
  month = {Aug},
  publisher = {American Physical Society},
  doi = {10.1103/PhysRev.160.208},
  url = {https://link.aps.org/doi/10.1103/PhysRev.160.208}
}

@article{carleo_2019,
  title = {Machine learning and the physical sciences},
  author = {Carleo, Giuseppe and Cirac, Ignacio and Cranmer, Kyle and Daudet, Laurent and Schuld, Maria and Tishby, Naftali and Vogt-Maranto, Leslie and Zdeborov\'a, Lenka},
  journal = {Rev. Mod. Phys.},
  volume = {91},
  issue = {4},
  pages = {045002},
  numpages = {39},
  year = {2019},
  month = {Dec},
  publisher = {American Physical Society},
  doi = {10.1103/RevModPhys.91.045002},
  url = {https://link.aps.org/doi/10.1103/RevModPhys.91.045002}
}


@article{mcmillan_1965,
  title = {Ground State of Liquid ${\mathrm{He}}^{4}$},
  author = {McMillan, W. L.},
  journal = {Phys. Rev.},
  volume = {138},
  issue = {2A},
  pages = {A442--A451},
  numpages = {0},
  year = {1965},
  month = {Apr},
  publisher = {American Physical Society},
  doi = {10.1103/PhysRev.138.A442},
  url = {https://link.aps.org/doi/10.1103/PhysRev.138.A442}
}

@article{magro_1993,
  title = {Ground state of two-dimensional Yukawa bosons: Applications to vortex melting},
  author = {Magro, W. R. and Ceperley, D. M.},
  journal = {Phys. Rev. B},
  volume = {48},
  issue = {1},
  pages = {411--417},
  numpages = {0},
  year = {1993},
  month = {Jul},
  publisher = {American Physical Society},
  doi = {10.1103/PhysRevB.48.411},
  url = {https://link.aps.org/doi/10.1103/PhysRevB.48.411}
}

@article{hibat-allah_2020,
  title = {Recurrent neural network wave functions},
  author = {Hibat-Allah, Mohamed and Ganahl, Martin and Hayward, Lauren E. and Melko, Roger G. and Carrasquilla, Juan},
  journal = {Phys. Rev. Res.},
  volume = {2},
  issue = {2},
  pages = {023358},
  numpages = {17},
  year = {2020},
  month = {Jun},
  publisher = {American Physical Society},
  doi = {10.1103/PhysRevResearch.2.023358},
  url = {https://link.aps.org/doi/10.1103/PhysRevResearch.2.023358}
}

@article{carleo_2017,
author = {Giuseppe Carleo  and Matthias Troyer},
title = {Solving the quantum many-body problem with artificial neural networks},
journal = {Science},
volume = {355},
number = {6325},
pages = {602-606},
year = {2017},
doi = {10.1126/science.aag2302},
URL = {https://www.science.org/doi/abs/10.1126/science.aag2302},
eprint = {https://www.science.org/doi/pdf/10.1126/science.aag2302},
}

@article{choo_2018,
  title = {Symmetries and Many-Body Excitations with Neural-Network Quantum States},
  author = {Choo, Kenny and Carleo, Giuseppe and Regnault, Nicolas and Neupert, Titus},
  journal = {Phys. Rev. Lett.},
  volume = {121},
  issue = {16},
  pages = {167204},
  numpages = {6},
  year = {2018},
  month = {Oct},
  publisher = {American Physical Society},
  doi = {10.1103/PhysRevLett.121.167204},
  url = {https://link.aps.org/doi/10.1103/PhysRevLett.121.167204}
}


@article{pfau_2020,
  title = {Ab initio solution of the many-electron Schr\"odinger equation with deep neural networks},
  author = {Pfau, David and Spencer, James S. and Matthews, Alexander G. D. G. and Foulkes, W. M. C.},
  journal = {Phys. Rev. Res.},
  volume = {2},
  issue = {3},
  pages = {033429},
  numpages = {20},
  year = {2020},
  month = {Sep},
  publisher = {American Physical Society},
  doi = {10.1103/PhysRevResearch.2.033429},
  url = {https://link.aps.org/doi/10.1103/PhysRevResearch.2.033429}
}

@article{choo_2020,
author={Choo, Kenny
and Mezzacapo, Antonio
and Carleo, Giuseppe},
title={Fermionic neural-network states for ab-initio electronic structure},
journal={Nature Communications},
year={2020},
month={May},
day={12},
volume={11},
number={1},
pages={2368},
issn={2041-1723},
doi={10.1038/s41467-020-15724-9},
url={https://doi.org/10.1038/s41467-020-15724-9}
}

@article{scarselli_2009,
author={Scarselli, Franco and Gori, Marco and Tsoi, Ah Chung and Hagenbuchner, Markus and Monfardini, Gabriele},
journal={IEEE Transactions on Neural Networks}, 
title={The Graph Neural Network Model}, 
year={2009},
volume={20},
number={1},
pages={61-80},
doi={10.1109/TNN.2008.2005605}
}

@article{micheli_2009,
author={Micheli, Alessio},
journal={IEEE Transactions on Neural Networks}, 
title={Neural Network for Graphs: A Contextual Constructive Approach}, 
year={2009},
volume={20},
number={3},
pages={498-511},
doi={10.1109/TNN.2008.2010350}
}


@article{hermann_2020,
author={Hermann, Jan
and Sch{\"a}tzle, Zeno
and No{\'e}, Frank},
title={Deep-neural-network solution of the electronic Schr{\"o}dinger equation},
journal={Nature Chemistry},
year={2020},
month={Oct},
day={01},
volume={12},
number={10},
pages={891-897},
issn={1755-4349},
doi={10.1038/s41557-020-0544-y},
url={https://doi.org/10.1038/s41557-020-0544-y}
}

@article{czischek_2018,
  title = {Quenches near Ising quantum criticality as a challenge for artificial neural networks},
  author = {Czischek, Stefanie and G\"arttner, Martin and Gasenzer, Thomas},
  journal = {Phys. Rev. B},
  volume = {98},
  issue = {2},
  pages = {024311},
  numpages = {10},
  year = {2018},
  month = {Jul},
  publisher = {American Physical Society},
  doi = {10.1103/PhysRevB.98.024311},
  url = {https://link.aps.org/doi/10.1103/PhysRevB.98.024311}
}

@article{yoshioka_2021,
author={Yoshioka, Nobuyuki
and Mizukami, Wataru
and Nori, Franco},
title={Solving quasiparticle band spectra of real solids using neural-network quantum states},
journal={Communications Physics},
year={2021},
month={May},
day={21},
volume={4},
number={1},
pages={106},
issn={2399-3650},
doi={10.1038/s42005-021-00609-0},
url={https://doi.org/10.1038/s42005-021-00609-0}
}



@Article{vicentini_2022,
	title={{NetKet 3: Machine Learning Toolbox for Many-Body Quantum Systems}},
	author={Filippo Vicentini and Damian Hofmann and Attila Szabó and Dian Wu and Christopher   Roth and Clemens Giuliani and Gabriel Pescia and Jannes Nys and Vladimir Vargas-Calderón and   Nikita Astrakhantsev and Giuseppe Carleo},
	journal={SciPost Phys. Codebases},
	pages={7},
	year={2022},
	publisher={SciPost},
	doi={10.21468/SciPostPhysCodeb.7},
	url={https://scipost.org/10.21468/SciPostPhysCodeb.7},
}




